<record><leader>00000cas a22000007a 4500</leader><controlfield tag="001">10335425</controlfield><controlfield tag="008">840125d18731877couwr ne      0    0eng d</controlfield><datafield ind1=" " ind2=" " tag="010"><subfield code="a">sn 84022266 </subfield></datafield><datafield ind1=" " ind2=" " tag="040"><subfield code="a">NPX</subfield><subfield code="b">eng</subfield><subfield code="c">NPX</subfield><subfield code="d">PPM</subfield><subfield code="d">CNQ</subfield><subfield code="d">OCLCQ</subfield></datafield><datafield ind1=" " ind2=" " tag="042"><subfield code="a">msc</subfield></datafield><datafield ind1=" " ind2=" " tag="043"><subfield code="a">n-us-co</subfield></datafield><datafield ind1="0" ind2="0" tag="245"><subfield code="a">Las Animas, Col., leader.</subfield></datafield><datafield ind1=" " ind2=" " tag="260"><subfield code="a">Las Animas, Colo. :</subfield><subfield code="b">Charles W. Bowman,</subfield><subfield code="c">1873-1877.</subfield></datafield><datafield ind1=" " ind2=" " tag="300"><subfield code="a">v. ;</subfield><subfield code="c">56 cm.</subfield></datafield><datafield ind1=" " ind2=" " tag="310"><subfield code="a">Weekly</subfield></datafield><datafield ind1="0" ind2=" " tag="362"><subfield code="a">Vol. 1, no. 1 (May 23, 1873)-v. 4, no. 51 (June 1, 1877).</subfield></datafield><datafield ind1=" " ind2=" " tag="500"><subfield code="a">Editor: C.W. Bowman, 1873-&lt;1876&gt;.</subfield></datafield><datafield ind1=" " ind2=" " tag="500"><subfield code="a">Published at Las Animas, Colo. after 1886.</subfield></datafield><datafield ind1=" " ind2=" " tag="530"><subfield code="a">Available on microfilm from the Colorado Historical Society.</subfield></datafield><datafield ind1="1" ind2=" " tag="700"><subfield code="a">Bowman, Charles W.</subfield></datafield><datafield ind1=" " ind2=" " tag="752"><subfield code="a">United States</subfield><subfield code="b">Colorado</subfield><subfield code="c">Bent</subfield><subfield code="d">Las Animas.</subfield></datafield><datafield ind1="0" ind2="0" tag="780"><subfield code="t">Pleasant Hill leader</subfield></datafield><datafield ind1="0" ind2="0" tag="785"><subfield code="t">Las Animas leader</subfield><subfield code="w">(DLC)sn 87090088</subfield></datafield><datafield ind1="1" ind2=" " tag="029"><subfield code="a">AU@</subfield><subfield code="b">000025815537</subfield></datafield></record>